@article{Goral,
 author = {Goral, Cindy M. and Torrance, Kenneth E. and Greenberg, Donald P. and Battaile, Bennett},
 title = {Modeling the Interaction of Light Between Diffuse Surfaces},
 journal = {SIGGRAPH Comput. Graph.},
 issue_date = {July 1984},
 volume = {18},
 number = {3},
 month = jan,
 year = {1984},
 issn = {0097-8930},
 pages = {213--222},
 numpages = {10},
 url = {http://doi.acm.org/10.1145/964965.808601},
 doi = {10.1145/964965.808601},
 acmid = {808601},
 publisher = {ACM},
 address = {New York, NY, USA},
 keywords = {Diffuse reflections, Form factors, Light reflection models, Radiosity, Shading},
} 

@article{Whitted,
 author = {Whitted, Turner},
 title = {An Improved Illumination Model for Shaded Display},
 journal = {Commun. ACM},
 issue_date = {June 1980},
 volume = {23},
 number = {6},
 month = jun,
 year = {1980},
 issn = {0001-0782},
 pages = {343--349},
 numpages = {7},
 url = {http://doi.acm.org/10.1145/358876.358882},
 doi = {10.1145/358876.358882},
 acmid = {358882},
 publisher = {ACM},
 address = {New York, NY, USA},
 keywords = {computer animation, computer graphics, raster displays, shading, visible surface algorithms},
} 

@article{Kajiya,
 author = {Kajiya, James T.},
 title = {The Rendering Equation},
 journal = {SIGGRAPH Comput. Graph.},
 issue_date = {Aug. 1986},
 volume = {20},
 number = {4},
 month = aug,
 year = {1986},
 issn = {0097-8930},
 pages = {143--150},
 numpages = {8},
 url = {http://doi.acm.org/10.1145/15886.15902},
 doi = {10.1145/15886.15902},
 acmid = {15902},
 publisher = {ACM},
 address = {New York, NY, USA},
} 

@misc{wikiradiosity,
  title = {Radiosity},
  author={Wikipedia}
  url = {\url{http://en.wikipedia.org/wiki/Radiosity_(computer_graphics)}},
}
@article{iesurvey,
 title = {A Survey on Solution Methods for Integral Equations},
 author = {Ilias S.},
 year = {2008},

} 
@article{ie,
 title = {Integral Equations},
 author = {Yury V. and Yury G. },
 year = {2002},
} 

@book{book:goswami,
 author = {Goswami, Jaideva C. and Chan, Andrew K.},
 title = {Fundamentals of Wavelets: Theory, Algorithms, and Applications},
 year = {2011},
 isbn = {9780470484135},
 edition = {2nd},
 publisher = {Wiley Publishing},
} 

@book{book:Stollnitz,
 author = {Stollnitz, Eric J. and Derose, Tony D. and Salesin, David H.},
 title = {Wavelets for Computer Graphics: Theory and Applications},
 year = {1996},
 isbn = {1-55860-375-1},
 publisher = {Morgan Kaufmann Publishers Inc.},
 address = {San Francisco, CA, USA},
} 
@book{book:boggess,
    author = {Boggess, A. and Narcowich, F. J.},
    citeulike-article-id = {2879736},
    keywords = {climate, evapotranspiration, land, use},
    posted-at = {2008-06-10 15:30:41},
    priority = {0},
    publisher = {Prentice Hall Upper Saddle River, NJ},
    title = {{A first course in wavelets with Fourier analysis}},
    year = {2001}
}

@article{shang,
title = "Numerical solution of Fredholm integral equations of the first kind by using linear Legendre multi-wavelets ",
journal = "Applied Mathematics and Computation ",
volume = "191",
number = "2",
pages = "440 - 444",
year = "2007",
note = "",
issn = "0096-3003",
doi = "http://dx.doi.org/10.1016/j.amc.2007.02.108",
url = "http://www.sciencedirect.com/science/article/pii/S0096300307002718",
author = "Xufeng Shang and Danfu Han",
}
@article{Khellat,
    abstract = {The linear Legendre mother wavelets operational matrix of integration P is derived. A general procedure of forming this matrix P is given. This matrix P can be used to solve problems such as calculus of variations, differential equations, optimal control and integral equations. Illustrative examples are included to demonstrate the validity and applicability of matrix P.},
    affiliation = {Department of Mathematics, Shahid Beheshti University, Tehran, Iran},
    author = {Khellat, F., Yousefi, S.A.},
    doi = {10.1016/j.jfranklin.2005.11.002},
    journal = {Journal of the Franklin Institute},
    keywords = {Operational matrix; Calculus of variations; Legendre wavelets},
    language = {eng},
    number = {2},
    pages = {181-190},
    title = {The linear Legendre mother wavelets operational matrix of integration and its application},
    volume = {343},
    year = {2006},
}
stoer
@book{book:stoer,
    author = {Stoer J. , Bulirsch R. },
    title = {Introduction to Numerical Analysis},
    year = {1980},
    publisher = {Springer Verlag, New York}
}
@article{iemethod1,
 author = {Lakestani, Mehrdad and Saray, Behzad Nemati and Dehghan, Mehdi},
 title = {Numerical Solution for the Weakly Singular Fredholm Integro-differential Equations Using Legendre Multiwavelets},
 journal = {J. Comput. Appl. Math.},
 issue_date = {April, 2011},
 volume = {235},
 number = {11},
 month = apr,
 year = {2011},
 issn = {0377-0427},
 pages = {3291--3303},
 numpages = {13},
 url = {http://dx.doi.org/10.1016/j.cam.2011.01.043},
 doi = {10.1016/j.cam.2011.01.043},
 acmid = {1967783},
 publisher = {Elsevier Science Publishers B. V.},
 address = {Amsterdam, The Netherlands, The Netherlands},
 keywords = {Legendre multiwavelets, Operational matrix of integral, Sparse matrix, Spectral method, Thresholding, Weakly singular integro-differential equation},
} 
@article{iemethod2,
 author = {Alpert, Bradley K.},
 title = {A Class of Bases in L2 for the Sparse Representations of Integral Operators},
 journal = {SIAM J. Math. Anal.},
 issue_date = {Jan. 1993},
 volume = {24},
 number = {1},
 month = jan,
 year = {1993},
 issn = {0036-1410},
 pages = {246--262},
 numpages = {17},
 url = {http://dx.doi.org/10.1137/0524016},
 doi = {10.1137/0524016},
 acmid = {154090},
 publisher = {Society for Industrial and Applied Mathematics},
 address = {Philadelphia, PA, USA},
 keywords = {integral equations, sparse matrices, wavelets},
} 




@article{hanarahan,
 author = {Hanrahan, Pat and Salzman, David and Aupperle, Larry},
 title = {A Rapid Hierarchical Radiosity Algorithm},
 journal = {SIGGRAPH Comput. Graph.},
 issue_date = {July 1991},
 volume = {25},
 number = {4},
 month = jul,
 year = {1991},
 issn = {0097-8930},
 pages = {197--206},
 numpages = {10},
 url = {http://doi.acm.org/10.1145/127719.122740},
 doi = {10.1145/127719.122740},
 acmid = {122740},
 publisher = {ACM},
 address = {New York, NY, USA},
 keywords = {global illumination, n-body problem, radiosity, ray-tracing},
} 


@phdthesis{heckbert,
 author = {Heckbert, Paul Seagrave},
 title = {Simulating Global Illumination Using Adaptive Meshing},
 year = {1992},
 note = {UMI Order No. GAX92-03586},
 publisher = {University of California at Berkeley},
 address = {Berkeley, CA, USA},
} 


@inproceedings{zatz,
 author = {Zatz, Harold R.},
 title = {Galerkin Radiosity: A Higher Order Solution Method  for Global Illumination},
 booktitle = {Proceedings of the 20th Annual Conference on Computer Graphics and Interactive Techniques},
 series = {SIGGRAPH '93},
 year = {1993},
 isbn = {0-89791-601-8},
 location = {Anaheim, CA},
 pages = {213--220},
 numpages = {8},
 url = {http://doi.acm.org/10.1145/166117.166145},
 doi = {10.1145/166117.166145},
 acmid = {166145},
 publisher = {ACM},
 address = {New York, NY, USA},
 keywords = {Galerkin methods, curved surfaces, global illumination, integral equations, progressive refinement, radiosity},
} 
@inproceedings{gortler,
 author = {Gortler, Steven J. and Schr\"{o}der, Peter and Cohen, Michael F. and Hanrahan, Pat},
 title = {Wavelet Radiosity},
 booktitle = {Proceedings of the 20th Annual Conference on Computer Graphics and Interactive Techniques},
 series = {SIGGRAPH '93},
 year = {1993},
 isbn = {0-89791-601-8},
 location = {Anaheim, CA},
 pages = {221--230},
 numpages = {10},
 url = {http://doi.acm.org/10.1145/166117.166146},
 doi = {10.1145/166117.166146},
 acmid = {166146},
 publisher = {ACM},
 address = {New York, NY, USA},
 keywords = {global illumination, hierarchical radiosity, wavelets},
}
[ie survey]A Survey on Solution Methods for Integral Equations

very important
[CAS][llmw][qlmw][haar] give reference to all the methods to solve integral equation