@book{boggess2001fcw,
    author = {Boggess, A. and Narcowich, F. J.},
    citeulike-article-id = {2879736},
    keywords = {climate, evapotranspiration, land, use},
    posted-at = {2008-06-10 15:30:41},
    priority = {0},
    publisher = {Prentice Hall Upper Saddle River, NJ},
    title = {{A first course in wavelets with Fourier analysis}},
    year = {2001}
}

